[gd_scene load_steps=42 format=2]

[ext_resource path="res://Tiles/tiles00.png" type="Texture" id=1]
[ext_resource path="res://Tiles/tiles01.png" type="Texture" id=2]
[ext_resource path="res://Tiles/tiles02.png" type="Texture" id=3]
[ext_resource path="res://Tiles/tiles03.png" type="Texture" id=4]
[ext_resource path="res://Tiles/tiles04.png" type="Texture" id=5]
[ext_resource path="res://Tiles/tiles05.png" type="Texture" id=6]
[ext_resource path="res://Tiles/tiles06.png" type="Texture" id=7]
[ext_resource path="res://Tiles/tiles07.png" type="Texture" id=8]
[ext_resource path="res://Tiles/tiles08.png" type="Texture" id=9]
[ext_resource path="res://Tiles/tiles09.png" type="Texture" id=10]
[ext_resource path="res://Tiles/tiles10.png" type="Texture" id=11]
[ext_resource path="res://Tiles/tiles11.png" type="Texture" id=12]
[ext_resource path="res://Tiles/tiles12.png" type="Texture" id=13]
[ext_resource path="res://Tiles/tiles13.png" type="Texture" id=14]
[ext_resource path="res://Tiles/tiles14.png" type="Texture" id=15]
[ext_resource path="res://Tiles/tiles15.png" type="Texture" id=16]
[ext_resource path="res://Tiles/tiles16.png" type="Texture" id=17]
[ext_resource path="res://Tiles/tiles17.png" type="Texture" id=18]
[ext_resource path="res://Tiles/tiles18.png" type="Texture" id=19]
[ext_resource path="res://Tiles/tiles19.png" type="Texture" id=20]
[ext_resource path="res://Tiles/tiles20.png" type="Texture" id=21]
[ext_resource path="res://Tiles/tiles21.png" type="Texture" id=22]
[ext_resource path="res://Tiles/tiles22.png" type="Texture" id=23]
[ext_resource path="res://Tiles/tiles23.png" type="Texture" id=24]
[ext_resource path="res://Tiles/tiles24.png" type="Texture" id=25]
[ext_resource path="res://Tiles/tiles25.png" type="Texture" id=26]
[ext_resource path="res://Tiles/tiles26.png" type="Texture" id=27]
[ext_resource path="res://Tiles/tiles27.png" type="Texture" id=28]
[ext_resource path="res://Tiles/tiles28.png" type="Texture" id=29]
[ext_resource path="res://Tiles/tiles29.png" type="Texture" id=30]
[ext_resource path="res://Tiles/tiles30.png" type="Texture" id=31]
[ext_resource path="res://Tiles/tiles31.png" type="Texture" id=32]
[ext_resource path="res://Tiles/tiles32.png" type="Texture" id=33]
[ext_resource path="res://Tiles/tiles33.png" type="Texture" id=34]
[ext_resource path="res://Tiles/tiles34.png" type="Texture" id=35]
[ext_resource path="res://Tiles/tiles35.png" type="Texture" id=36]
[ext_resource path="res://Tiles/tiles36.png" type="Texture" id=37]
[ext_resource path="res://Tiles/tiles37.png" type="Texture" id=38]
[ext_resource path="res://Tiles/tiles38.png" type="Texture" id=39]
[ext_resource path="res://Tiles/tiles39.png" type="Texture" id=40]

[sub_resource type="RectangleShape2D" id=1]

custom_solver_bias = 0.0
extents = Vector2( 6.51852, 5.16494 )

[node name="TileMap" type="Node2D"]

[node name="Tile00" type="Sprite" parent="." index="0"]

editor/display_folded = true
scale = Vector2( 4, 4 )
texture = ExtResource( 1 )
centered = false
_sections_unfolded = [ "Offset", "Transform" ]
__meta__ = {
"_edit_group_": true
}

[node name="StaticBody2D" type="StaticBody2D" parent="Tile00" index="0"]

input_pickable = false
collision_layer = 1
collision_mask = 1
constant_linear_velocity = Vector2( 0, 0 )
constant_angular_velocity = 0.0
friction = 1.0
bounce = 0.0

[node name="CollisionShape2D" type="CollisionShape2D" parent="Tile00/StaticBody2D" index="0"]

position = Vector2( 8, 8 )
scale = Vector2( 1.22727, 1.5489 )
shape = SubResource( 1 )

[node name="Tile01" type="Sprite" parent="." index="1"]

editor/display_folded = true
position = Vector2( 64, 0 )
scale = Vector2( 4, 4 )
texture = ExtResource( 2 )
centered = false
_sections_unfolded = [ "Offset", "Transform" ]
__meta__ = {
"_edit_group_": true
}

[node name="StaticBody2D" type="StaticBody2D" parent="Tile01" index="0"]

input_pickable = false
collision_layer = 1
collision_mask = 1
constant_linear_velocity = Vector2( 0, 0 )
constant_angular_velocity = 0.0
friction = 1.0
bounce = 0.0

[node name="CollisionShape2D" type="CollisionShape2D" parent="Tile01/StaticBody2D" index="0"]

position = Vector2( 8, 8 )
scale = Vector2( 1.22727, 1.5489 )
shape = SubResource( 1 )

[node name="Tile02" type="Sprite" parent="." index="2"]

editor/display_folded = true
position = Vector2( 128, 0 )
scale = Vector2( 4, 4 )
texture = ExtResource( 3 )
centered = false
_sections_unfolded = [ "Offset", "Transform" ]
__meta__ = {
"_edit_group_": true
}

[node name="StaticBody2D" type="StaticBody2D" parent="Tile02" index="0"]

input_pickable = false
collision_layer = 1
collision_mask = 1
constant_linear_velocity = Vector2( 0, 0 )
constant_angular_velocity = 0.0
friction = 1.0
bounce = 0.0

[node name="CollisionShape2D" type="CollisionShape2D" parent="Tile02/StaticBody2D" index="0"]

position = Vector2( 8, 8 )
scale = Vector2( 1.22727, 1.5489 )
shape = SubResource( 1 )

[node name="Tile03" type="Sprite" parent="." index="3"]

editor/display_folded = true
position = Vector2( 192, 0 )
scale = Vector2( 4, 4 )
texture = ExtResource( 4 )
centered = false
_sections_unfolded = [ "Offset", "Transform" ]
__meta__ = {
"_edit_group_": true
}

[node name="StaticBody2D" type="StaticBody2D" parent="Tile03" index="0"]

input_pickable = false
collision_layer = 1
collision_mask = 1
constant_linear_velocity = Vector2( 0, 0 )
constant_angular_velocity = 0.0
friction = 1.0
bounce = 0.0

[node name="CollisionShape2D" type="CollisionShape2D" parent="Tile03/StaticBody2D" index="0"]

position = Vector2( 8, 8 )
scale = Vector2( 1.22727, 1.5489 )
shape = SubResource( 1 )

[node name="Tile04" type="Sprite" parent="." index="4"]

editor/display_folded = true
position = Vector2( 256, 0 )
scale = Vector2( 4, 4 )
texture = ExtResource( 5 )
centered = false
_sections_unfolded = [ "Offset", "Transform" ]
__meta__ = {
"_edit_group_": true
}

[node name="StaticBody2D" type="StaticBody2D" parent="Tile04" index="0"]

input_pickable = false
collision_layer = 1
collision_mask = 1
constant_linear_velocity = Vector2( 0, 0 )
constant_angular_velocity = 0.0
friction = 1.0
bounce = 0.0

[node name="CollisionShape2D" type="CollisionShape2D" parent="Tile04/StaticBody2D" index="0"]

position = Vector2( 8, 8 )
scale = Vector2( 1.22727, 1.5489 )
shape = SubResource( 1 )

[node name="Tile05" type="Sprite" parent="." index="5"]

editor/display_folded = true
position = Vector2( 320, 0 )
scale = Vector2( 4, 4 )
texture = ExtResource( 6 )
centered = false
_sections_unfolded = [ "Offset", "Transform" ]
__meta__ = {
"_edit_group_": true
}

[node name="StaticBody2D" type="StaticBody2D" parent="Tile05" index="0"]

input_pickable = false
collision_layer = 1
collision_mask = 1
constant_linear_velocity = Vector2( 0, 0 )
constant_angular_velocity = 0.0
friction = 1.0
bounce = 0.0

[node name="CollisionShape2D" type="CollisionShape2D" parent="Tile05/StaticBody2D" index="0"]

position = Vector2( 8, 8 )
scale = Vector2( 1.22727, 1.5489 )
shape = SubResource( 1 )

[node name="Tile06" type="Sprite" parent="." index="6"]

editor/display_folded = true
position = Vector2( 384, 0 )
scale = Vector2( 4, 4 )
texture = ExtResource( 7 )
centered = false
_sections_unfolded = [ "Offset", "Transform" ]
__meta__ = {
"_edit_group_": true
}

[node name="StaticBody2D" type="StaticBody2D" parent="Tile06" index="0"]

input_pickable = false
collision_layer = 1
collision_mask = 1
constant_linear_velocity = Vector2( 0, 0 )
constant_angular_velocity = 0.0
friction = 1.0
bounce = 0.0

[node name="CollisionShape2D" type="CollisionShape2D" parent="Tile06/StaticBody2D" index="0"]

position = Vector2( 8, 8 )
scale = Vector2( 1.22727, 1.5489 )
shape = SubResource( 1 )

[node name="Tile07" type="Sprite" parent="." index="7"]

editor/display_folded = true
position = Vector2( 448, 0 )
scale = Vector2( 4, 4 )
texture = ExtResource( 8 )
centered = false
_sections_unfolded = [ "Offset", "Transform" ]
__meta__ = {
"_edit_group_": true
}

[node name="StaticBody2D" type="StaticBody2D" parent="Tile07" index="0"]

input_pickable = false
collision_layer = 1
collision_mask = 1
constant_linear_velocity = Vector2( 0, 0 )
constant_angular_velocity = 0.0
friction = 1.0
bounce = 0.0

[node name="CollisionShape2D" type="CollisionShape2D" parent="Tile07/StaticBody2D" index="0"]

position = Vector2( 8, 8 )
scale = Vector2( 1.22727, 1.5489 )
shape = SubResource( 1 )

[node name="Tile08" type="Sprite" parent="." index="8"]

position = Vector2( 0, 64 )
scale = Vector2( 4, 4 )
texture = ExtResource( 9 )
centered = false
_sections_unfolded = [ "Offset", "Transform" ]
__meta__ = {
"_edit_group_": true
}

[node name="Tile09" type="Sprite" parent="." index="9"]

position = Vector2( 64, 64 )
scale = Vector2( 4, 4 )
texture = ExtResource( 10 )
centered = false
_sections_unfolded = [ "Offset", "Transform" ]
__meta__ = {
"_edit_group_": true
}

[node name="Tile10" type="Sprite" parent="." index="10"]

position = Vector2( 128, 64 )
scale = Vector2( 4, 4 )
texture = ExtResource( 11 )
centered = false
_sections_unfolded = [ "Offset", "Transform" ]
__meta__ = {
"_edit_group_": true
}

[node name="Tile11" type="Sprite" parent="." index="11"]

position = Vector2( 192, 64 )
scale = Vector2( 4, 4 )
texture = ExtResource( 12 )
centered = false
_sections_unfolded = [ "Offset", "Transform" ]
__meta__ = {
"_edit_group_": true
}

[node name="Tile12" type="Sprite" parent="." index="12"]

editor/display_folded = true
position = Vector2( 256, 64 )
scale = Vector2( 4, 4 )
texture = ExtResource( 13 )
centered = false
_sections_unfolded = [ "Offset", "Transform" ]
__meta__ = {
"_edit_group_": true
}

[node name="StaticBody2D" type="StaticBody2D" parent="Tile12" index="0"]

editor/display_folded = true
input_pickable = false
collision_layer = 1
collision_mask = 1
constant_linear_velocity = Vector2( 0, 0 )
constant_angular_velocity = 0.0
friction = 1.0
bounce = 0.0

[node name="CollisionShape2D" type="CollisionShape2D" parent="Tile12/StaticBody2D" index="0"]

position = Vector2( 8, 8 )
scale = Vector2( 1.22727, 1.5489 )
shape = SubResource( 1 )

[node name="Tile13" type="Sprite" parent="." index="13"]

editor/display_folded = true
position = Vector2( 320, 64 )
scale = Vector2( 4, 4 )
texture = ExtResource( 14 )
centered = false
_sections_unfolded = [ "Offset", "Transform" ]
__meta__ = {
"_edit_group_": true
}

[node name="StaticBody2D" type="StaticBody2D" parent="Tile13" index="0"]

input_pickable = false
collision_layer = 1
collision_mask = 1
constant_linear_velocity = Vector2( 0, 0 )
constant_angular_velocity = 0.0
friction = 1.0
bounce = 0.0

[node name="CollisionShape2D" type="CollisionShape2D" parent="Tile13/StaticBody2D" index="0"]

position = Vector2( 8, 8 )
scale = Vector2( 1.22727, 1.5489 )
shape = SubResource( 1 )

[node name="Tile14" type="Sprite" parent="." index="14"]

editor/display_folded = true
position = Vector2( 384, 64 )
scale = Vector2( 4, 4 )
texture = ExtResource( 15 )
centered = false
_sections_unfolded = [ "Offset", "Transform" ]
__meta__ = {
"_edit_group_": true
}

[node name="StaticBody2D" type="StaticBody2D" parent="Tile14" index="0"]

input_pickable = false
collision_layer = 1
collision_mask = 1
constant_linear_velocity = Vector2( 0, 0 )
constant_angular_velocity = 0.0
friction = 1.0
bounce = 0.0

[node name="CollisionShape2D" type="CollisionShape2D" parent="Tile14/StaticBody2D" index="0"]

position = Vector2( 8, 8 )
scale = Vector2( 1.22727, 1.5489 )
shape = SubResource( 1 )

[node name="Tile15" type="Sprite" parent="." index="15"]

editor/display_folded = true
position = Vector2( 448, 64 )
scale = Vector2( 4, 4 )
texture = ExtResource( 16 )
centered = false
_sections_unfolded = [ "Offset", "Transform" ]
__meta__ = {
"_edit_group_": true
}

[node name="StaticBody2D" type="StaticBody2D" parent="Tile15" index="0"]

input_pickable = false
collision_layer = 1
collision_mask = 1
constant_linear_velocity = Vector2( 0, 0 )
constant_angular_velocity = 0.0
friction = 1.0
bounce = 0.0

[node name="CollisionShape2D" type="CollisionShape2D" parent="Tile15/StaticBody2D" index="0"]

position = Vector2( 8, 8 )
scale = Vector2( 1.22727, 1.5489 )
shape = SubResource( 1 )

[node name="Tile16" type="Sprite" parent="." index="16"]

position = Vector2( 0, 128 )
scale = Vector2( 4, 4 )
texture = ExtResource( 17 )
centered = false
_sections_unfolded = [ "Offset", "Transform" ]
__meta__ = {
"_edit_group_": true
}

[node name="Tile17" type="Sprite" parent="." index="17"]

position = Vector2( 64, 128 )
scale = Vector2( 4, 4 )
texture = ExtResource( 18 )
centered = false
_sections_unfolded = [ "Offset", "Transform" ]
__meta__ = {
"_edit_group_": true
}

[node name="Tile18" type="Sprite" parent="." index="18"]

position = Vector2( 128, 128 )
scale = Vector2( 4, 4 )
texture = ExtResource( 19 )
centered = false
_sections_unfolded = [ "Offset", "Transform" ]
__meta__ = {
"_edit_group_": true
}

[node name="Tile19" type="Sprite" parent="." index="19"]

position = Vector2( 192, 128 )
scale = Vector2( 4, 4 )
texture = ExtResource( 20 )
centered = false
_sections_unfolded = [ "Offset", "Transform" ]
__meta__ = {
"_edit_group_": true
}

[node name="Tile20" type="Sprite" parent="." index="20"]

editor/display_folded = true
position = Vector2( 256, 128 )
scale = Vector2( 4, 4 )
texture = ExtResource( 21 )
centered = false
_sections_unfolded = [ "Offset", "Transform" ]
__meta__ = {
"_edit_group_": true
}

[node name="StaticBody2D" type="StaticBody2D" parent="Tile20" index="0"]

input_pickable = false
collision_layer = 1
collision_mask = 1
constant_linear_velocity = Vector2( 0, 0 )
constant_angular_velocity = 0.0
friction = 1.0
bounce = 0.0

[node name="CollisionShape2D" type="CollisionShape2D" parent="Tile20/StaticBody2D" index="0"]

position = Vector2( 8, 8 )
scale = Vector2( 1.22727, 1.5489 )
shape = SubResource( 1 )

[node name="Tile21" type="Sprite" parent="." index="21"]

editor/display_folded = true
position = Vector2( 320, 128 )
scale = Vector2( 4, 4 )
texture = ExtResource( 22 )
centered = false
_sections_unfolded = [ "Offset", "Transform" ]
__meta__ = {
"_edit_group_": true
}

[node name="StaticBody2D" type="StaticBody2D" parent="Tile21" index="0"]

input_pickable = false
collision_layer = 1
collision_mask = 1
constant_linear_velocity = Vector2( 0, 0 )
constant_angular_velocity = 0.0
friction = 1.0
bounce = 0.0

[node name="CollisionShape2D" type="CollisionShape2D" parent="Tile21/StaticBody2D" index="0"]

position = Vector2( 8, 8 )
scale = Vector2( 1.22727, 1.5489 )
shape = SubResource( 1 )

[node name="Tile22" type="Sprite" parent="." index="22"]

editor/display_folded = true
position = Vector2( 384, 128 )
scale = Vector2( 4, 4 )
texture = ExtResource( 23 )
centered = false
_sections_unfolded = [ "Offset", "Transform" ]
__meta__ = {
"_edit_group_": true
}

[node name="StaticBody2D" type="StaticBody2D" parent="Tile22" index="0"]

input_pickable = false
collision_layer = 1
collision_mask = 1
constant_linear_velocity = Vector2( 0, 0 )
constant_angular_velocity = 0.0
friction = 1.0
bounce = 0.0

[node name="CollisionShape2D" type="CollisionShape2D" parent="Tile22/StaticBody2D" index="0"]

position = Vector2( 8, 8 )
scale = Vector2( 1.22727, 1.5489 )
shape = SubResource( 1 )

[node name="Tile23" type="Sprite" parent="." index="23"]

editor/display_folded = true
position = Vector2( 448, 128 )
scale = Vector2( 4, 4 )
texture = ExtResource( 24 )
centered = false
_sections_unfolded = [ "Offset", "Transform" ]
__meta__ = {
"_edit_group_": true
}

[node name="StaticBody2D" type="StaticBody2D" parent="Tile23" index="0"]

input_pickable = false
collision_layer = 1
collision_mask = 1
constant_linear_velocity = Vector2( 0, 0 )
constant_angular_velocity = 0.0
friction = 1.0
bounce = 0.0

[node name="CollisionShape2D" type="CollisionShape2D" parent="Tile23/StaticBody2D" index="0"]

position = Vector2( 8, 8 )
scale = Vector2( 1.22727, 1.5489 )
shape = SubResource( 1 )

[node name="Tile24" type="Sprite" parent="." index="24"]

editor/display_folded = true
position = Vector2( 0, 192 )
scale = Vector2( 4, 4 )
texture = ExtResource( 25 )
centered = false
_sections_unfolded = [ "Offset", "Transform" ]
__meta__ = {
"_edit_group_": true
}

[node name="StaticBody2D" type="StaticBody2D" parent="Tile24" index="0"]

input_pickable = false
collision_layer = 1
collision_mask = 1
constant_linear_velocity = Vector2( 0, 0 )
constant_angular_velocity = 0.0
friction = 1.0
bounce = 0.0

[node name="CollisionShape2D" type="CollisionShape2D" parent="Tile24/StaticBody2D" index="0"]

position = Vector2( 8, 8 )
scale = Vector2( 1.22727, 1.5489 )
shape = SubResource( 1 )

[node name="Tile25" type="Sprite" parent="." index="25"]

editor/display_folded = true
position = Vector2( 64, 192 )
scale = Vector2( 4, 4 )
texture = ExtResource( 26 )
centered = false
_sections_unfolded = [ "Offset", "Transform" ]
__meta__ = {
"_edit_group_": true
}

[node name="StaticBody2D" type="StaticBody2D" parent="Tile25" index="0"]

input_pickable = false
collision_layer = 1
collision_mask = 1
constant_linear_velocity = Vector2( 0, 0 )
constant_angular_velocity = 0.0
friction = 1.0
bounce = 0.0

[node name="CollisionShape2D" type="CollisionShape2D" parent="Tile25/StaticBody2D" index="0"]

position = Vector2( 8, 8 )
scale = Vector2( 1.22727, 1.5489 )
shape = SubResource( 1 )

[node name="Tile26" type="Sprite" parent="." index="26"]

editor/display_folded = true
position = Vector2( 128, 192 )
scale = Vector2( 4, 4 )
texture = ExtResource( 27 )
centered = false
_sections_unfolded = [ "Offset", "Transform" ]
__meta__ = {
"_edit_group_": true
}

[node name="StaticBody2D" type="StaticBody2D" parent="Tile26" index="0"]

input_pickable = false
collision_layer = 1
collision_mask = 1
constant_linear_velocity = Vector2( 0, 0 )
constant_angular_velocity = 0.0
friction = 1.0
bounce = 0.0

[node name="CollisionShape2D" type="CollisionShape2D" parent="Tile26/StaticBody2D" index="0"]

position = Vector2( 8, 8 )
scale = Vector2( 1.22727, 1.5489 )
shape = SubResource( 1 )

[node name="Tile27" type="Sprite" parent="." index="27"]

editor/display_folded = true
position = Vector2( 192, 192 )
scale = Vector2( 4, 4 )
texture = ExtResource( 28 )
centered = false
_sections_unfolded = [ "Offset", "Transform" ]
__meta__ = {
"_edit_group_": true
}

[node name="StaticBody2D" type="StaticBody2D" parent="Tile27" index="0"]

input_pickable = false
collision_layer = 1
collision_mask = 1
constant_linear_velocity = Vector2( 0, 0 )
constant_angular_velocity = 0.0
friction = 1.0
bounce = 0.0

[node name="CollisionShape2D" type="CollisionShape2D" parent="Tile27/StaticBody2D" index="0"]

position = Vector2( 8, 8 )
scale = Vector2( 1.22727, 1.5489 )
shape = SubResource( 1 )

[node name="Tile28" type="Sprite" parent="." index="28"]

position = Vector2( 256, 192 )
scale = Vector2( 4, 4 )
texture = ExtResource( 29 )
centered = false
_sections_unfolded = [ "Offset", "Transform" ]
__meta__ = {
"_edit_group_": true
}

[node name="Tile29" type="Sprite" parent="." index="29"]

position = Vector2( 320, 192 )
scale = Vector2( 4, 4 )
texture = ExtResource( 30 )
centered = false
_sections_unfolded = [ "Offset", "Transform" ]
__meta__ = {
"_edit_group_": true
}

[node name="Tile30" type="Sprite" parent="." index="30"]

position = Vector2( 384, 192 )
scale = Vector2( 4, 4 )
texture = ExtResource( 31 )
centered = false
_sections_unfolded = [ "Offset", "Transform" ]
__meta__ = {
"_edit_group_": true
}

[node name="Tile31" type="Sprite" parent="." index="31"]

editor/display_folded = true
position = Vector2( 448, 192 )
scale = Vector2( 4, 4 )
texture = ExtResource( 32 )
centered = false
_sections_unfolded = [ "Offset", "Transform" ]
__meta__ = {
"_edit_group_": true
}

[node name="StaticBody2D" type="StaticBody2D" parent="Tile31" index="0"]

editor/display_folded = true
input_pickable = false
collision_layer = 1
collision_mask = 1
constant_linear_velocity = Vector2( 0, 0 )
constant_angular_velocity = 0.0
friction = 1.0
bounce = 0.0

[node name="CollisionShape2D" type="CollisionShape2D" parent="Tile31/StaticBody2D" index="0"]

position = Vector2( 8, 8 )
scale = Vector2( 1.22727, 1.5489 )
shape = SubResource( 1 )

[node name="Tile32" type="Sprite" parent="." index="32"]

editor/display_folded = true
position = Vector2( 0, 256 )
scale = Vector2( 4, 4 )
texture = ExtResource( 33 )
centered = false
_sections_unfolded = [ "Offset", "Transform" ]
__meta__ = {
"_edit_group_": true
}

[node name="StaticBody2D" type="StaticBody2D" parent="Tile32" index="0"]

input_pickable = false
collision_layer = 1
collision_mask = 1
constant_linear_velocity = Vector2( 0, 0 )
constant_angular_velocity = 0.0
friction = 1.0
bounce = 0.0

[node name="CollisionShape2D" type="CollisionShape2D" parent="Tile32/StaticBody2D" index="0"]

position = Vector2( 8, 8 )
scale = Vector2( 1.22727, 1.5489 )
shape = SubResource( 1 )

[node name="Tile33" type="Sprite" parent="." index="33"]

editor/display_folded = true
position = Vector2( 64, 256 )
scale = Vector2( 4, 4 )
texture = ExtResource( 34 )
centered = false
_sections_unfolded = [ "Offset", "Transform" ]
__meta__ = {
"_edit_group_": true
}

[node name="StaticBody2D" type="StaticBody2D" parent="Tile33" index="0"]

input_pickable = false
collision_layer = 1
collision_mask = 1
constant_linear_velocity = Vector2( 0, 0 )
constant_angular_velocity = 0.0
friction = 1.0
bounce = 0.0

[node name="CollisionShape2D" type="CollisionShape2D" parent="Tile33/StaticBody2D" index="0"]

position = Vector2( 8, 8 )
scale = Vector2( 1.22727, 1.5489 )
shape = SubResource( 1 )

[node name="Tile34" type="Sprite" parent="." index="34"]

editor/display_folded = true
position = Vector2( 128, 256 )
scale = Vector2( 4, 4 )
texture = ExtResource( 35 )
centered = false
_sections_unfolded = [ "Offset", "Transform" ]
__meta__ = {
"_edit_group_": true
}

[node name="StaticBody2D" type="StaticBody2D" parent="Tile34" index="0"]

input_pickable = false
collision_layer = 1
collision_mask = 1
constant_linear_velocity = Vector2( 0, 0 )
constant_angular_velocity = 0.0
friction = 1.0
bounce = 0.0

[node name="CollisionShape2D" type="CollisionShape2D" parent="Tile34/StaticBody2D" index="0"]

position = Vector2( 8, 8 )
scale = Vector2( 1.22727, 1.5489 )
shape = SubResource( 1 )

[node name="Tile35" type="Sprite" parent="." index="35"]

editor/display_folded = true
position = Vector2( 192, 256 )
scale = Vector2( 4, 4 )
texture = ExtResource( 36 )
centered = false
_sections_unfolded = [ "Offset", "Transform" ]
__meta__ = {
"_edit_group_": true
}

[node name="StaticBody2D" type="StaticBody2D" parent="Tile35" index="0"]

input_pickable = false
collision_layer = 1
collision_mask = 1
constant_linear_velocity = Vector2( 0, 0 )
constant_angular_velocity = 0.0
friction = 1.0
bounce = 0.0

[node name="CollisionShape2D" type="CollisionShape2D" parent="Tile35/StaticBody2D" index="0"]

position = Vector2( 8, 8 )
scale = Vector2( 1.22727, 1.5489 )
shape = SubResource( 1 )

[node name="Tile36" type="Sprite" parent="." index="36"]

position = Vector2( 256, 256 )
scale = Vector2( 4, 4 )
texture = ExtResource( 37 )
centered = false
_sections_unfolded = [ "Offset", "Transform" ]
__meta__ = {
"_edit_group_": true
}

[node name="Tile37" type="Sprite" parent="." index="37"]

position = Vector2( 320, 256 )
scale = Vector2( 4, 4 )
texture = ExtResource( 38 )
centered = false
_sections_unfolded = [ "Offset", "Transform" ]
__meta__ = {
"_edit_group_": true
}

[node name="Tile38" type="Sprite" parent="." index="38"]

position = Vector2( 384, 256 )
scale = Vector2( 4, 4 )
texture = ExtResource( 39 )
centered = false
_sections_unfolded = [ "Offset", "Transform" ]
__meta__ = {
"_edit_group_": true
}

[node name="Tile39" type="Sprite" parent="." index="39"]

editor/display_folded = true
position = Vector2( 448, 256 )
scale = Vector2( 4, 4 )
texture = ExtResource( 40 )
centered = false
_sections_unfolded = [ "Offset", "Transform" ]
__meta__ = {
"_edit_group_": true
}

[node name="StaticBody2D" type="StaticBody2D" parent="Tile39" index="0"]

input_pickable = false
collision_layer = 1
collision_mask = 1
constant_linear_velocity = Vector2( 0, 0 )
constant_angular_velocity = 0.0
friction = 1.0
bounce = 0.0

[node name="CollisionShape2D" type="CollisionShape2D" parent="Tile39/StaticBody2D" index="0"]

position = Vector2( 8, 8 )
scale = Vector2( 1.22727, 1.5489 )
shape = SubResource( 1 )


